3092 5159
586 714 653 806 De
665 708 880 833 Judalsmu.
1091 806 1096 819 ,
1134 651 1232 831 ‘223'

204 996 207 1005 ,
267 912 356 993 dum
374 901 452 990 latis
466 906 528 1010 ipfi
544 910 674 996 favere,
687 926 727 987 ut
747 879 890 1010 publice
907 889 1099 1009 Regemle
1112 875 1229 990 decla-

230 1012 233 1033 '
266 1026 378 1097 taret,
405 1011 501 1095 uude
512 1010 561 1102 ad
579 1011 811 1084 commodius
822 1009 969 1107 aliquod
985 1025 1127 1108 tempus
1139 1012 1229 1089 illud

267 1108 422 1200 distulit3
452 1106 645 1204 previdens
663 1126 750 1180 vero
767 1106 934 1181 ultimum
955 1108 1002 1181 de
1022 1105 1054 1181 le
1070 1106 1228 1185 sumtum

213 1252 223 1276 i
264 1206 307 1280 iri
332 1205 572 1303 supplicium,
606 1225 691 1278 cum
716 1201 847 1297 Populi
872 1204 1058 1299 Magnetes
1085 1205 1229 1296 jamjam
1350 1271 1353 1277 ,

267 1302 413 1377 conlilia
426 1317 607 1397 caperent,
621 1302 812 1395 quomodo
827 1296 939 1396 ipsum
952 1321 1017 1374 ceu
1038 1299 1229 1377 hominem

222 1413 224 1417 ’
267 1396 470 1475 seditiosum
487 1393 1032 1495 tranquillitatiqueReipublicae
1048 1394 1228 1471 valdeno·

266 1490 405 1569 xiume
429 1494 550 1568 medio
569 1492 762 1577 tollerent,
795 1491 961 1587 praedixit
980 1493 1077 1569 cruci
1095 1492 1128 1567 le
1153 1488 1249 1569 affi·-
1291 1516 1296 1524 ·

266 1590 426 1689 gendum
453 1587 547 1681 esse3
590 1586 827 1680 nihilominus
845 1607 1003 1672 ’tamem
1037 1588 1229 1666 fatentibus

264 1686 493 1779 Adversariim
525 1682 812 1781 Hierosolymam
827 1684 893 1759 sese
912 1685 1073 1771 confert,
1102 1688 1230 1762 trium·
1252 1721 1265 1780 '.

264 1784 379 1882 phana
398 1784 614 1860 acclamante
624 1778 767 1879 Populo
789 1783 924 1857 Urbem
940 1784 1161 1878 ingreditur,
1188 1799 1229 1860 ut

264 1879 405 2053 ipsimet
423 1878 551 1978 Populi
565 1876 680 1955 Ptinci
710 1878 770 1951 eei
800 1876 873 1953 lum
888 1878 1068 1953 attreiiare
1081 1902 1228 1955 nonau-

290 1990 412 2068 erent3
442 2000 510 2052 nec
530 1991 650 2051 tamen
701 1974 754 2047 hri
786 1996 828 2053 us
854 1973 921 2049 hac
937 1977 1049 2050 utitur
1070 1975 1228 2051 occasio-

262 2098 335 2158 ne,
363 2088 402 2149 ut
417 2070 556 2169 Regem
578 2070 611 2147 se
629 2073 739 2146 creari
758 2073 995 2166 permitteret,
1028 2071 1228 2149 lediterum
1319 2152 1323 2158 ,

264 2192 342 2245 eam
367 2168 632 2268 praetermittit3
661 2166 802 2242 &licet
825 2168 968 2261 jamiam
990 2166 1052 2243 fibi
1069 2176 1228 2243 morien-

262 2268 351 2342 dum
376 2264 443 2341 elle
467 2265 693 2363 praeviderit,
723 2285 793 2337 nec
821 2282 940 2339 tamen
956 2261 1087 2361 Populi
1106 2260 1229 2340 favore

262 2365 377 2445 utitur
403 2380 443 2439 ut
469 2378 626 2438 mortem
652 2355 930 2455 ignominiosum
952 2359 1047 2433 illam
1066 2364 1224 2446 evitaret,

126 2440 132 2477 ¹
243 2482 332 2536 inec
351 2456 611 2557 Hierosolymis
632 2454 726 2551 fugit
738 2470 778 2531 ut
792 2451 836 2531 ab
852 2457 1081 2533 inimicorum
1096 2455 1228 2532 insidiis,

262 2570 361 2633 tutus
379 2554 472 2632 ellet.
526 2554 619 2649 Quis
647 2551 764 2651 qualo
791 2553 913 2627 omnia
941 2551 1017 2629 haec
1040 2555 1227 2630 aeniomata

262 2654 398 2733 lulvere
417 2659 551 2750 poterit
564 2672 579 2738 ,’
599 2647 661 2725 nifi
677 2646 874 2747 fimplicem
891 2614 1226 2741 allumamusTEvan-
1369 2679 1372 2690 ·

262 2750 466 2847 gelistarum
493 2746 760 2830 narrationem,
789 2768 898 2843 quam
921 2744 952 2821 si·
970 2758 1090 2825 veram
1112 2770 1228 2847 agno·

260 2846 407 2935 selmum
425 2847 533 2925 clavis
553 2846 598 2925 ad
615 2844 738 2920 omnia
755 2842 918 2920 habetur.
1153 2897 1160 2942 χ

639 2958 671 3049 §.
699 2957 866 3037 CCClX.

356 3099 377 3145 e.
404 3058 463 3145 Ne
481 3082 601 3145 tamen
619 3068 742 3142 omnia
752 3064 883 3141 Christi
897 3057 1040 3152 confilia
1053 3062 1147 3139 irritu
1162 3058 1224 3137 lie-

262 3178 367 3251 rent.
391 3166 449 3243 led
476 3181 516 3243 ut
539 3165 667 3260 ingens
693 3162 783 3238 illud
808 3160 926 3257 Regni
948 3160 1110 3257 erigendi
1131 3180 1226 3256 opus
1343 3166 1351 3184 '

262 3266 368 3339 etiam
388 3262 468 3361 post
487 3258 561 3350 eius
581 3257 1008 3353 mortem'perficetetur,
1043 3255 1149 3349 hujus
1174 3256 1226 3331 rei
1344 3328 1364 3339 ,,

261 3384 382 3436 curam
411 3356 602 3455 Discipulis
624 3352 690 3431 suis
711 3354 884 3454 reliquit3
910 3369 950 3429 ut
966 3368 1086 3429 tamen
1099 3352 1226 3427 scireut

262 3458 494 3553 oneratione
519 3468 580 3529 aut
605 3476 681 3551 qno
707 3469 881 3549 praetextu
916 3470 1022 3619 agere
1058 3446 1223 3556 pollent,

259 3552 405 3654 Jesusse
423 3547 928 3627 tertiodieleresurreilurum
963 3551 1227 3643 mlequairau-

260 3654 306 3725 de
329 3648 493 3747 Apostoli
515 3650 563 3723 ud*
582 3645 752 3743 Regnum
778 3643 868 3731 illud
897 3640 1145 3718 stabiliendum
1171 3643 1225 3717 uti

256 3744 409 3847 pollent.
469 3750 512 3822 Ut
537 3746 658 3841 paucis
682 3742 916 3837 respondemus,
941 3754 998 3815 tot
1017 3738 1078 3815 hic
1095 3760 1224 3814 occur·

218 3844 346 3919 ''runt
366 3847 413 3917 im
443 3840 589 3918 offibilia
607 3854 713 3937 atque
731 3836 897 3923 absurda,
928 3850 970 3911 ut
987 3837 1131 3932 concipi
1151 3833 1225 3909 lere

259 3964 334 4015 non
353 3864 475 4036 poffit,
502 3942 694 4034 quomodo
713 3934 877 4011 homiues
892 3930 1073 4030 {iugulare
1086 3934 1223 4028 ingenii
1246 4018 1251 4025 ¹
1302 3934 1306 3941 '

125 4118 126 4121 ,
258 4060 412 4111 acumen
432 4034 610 4132 jactantes,
637 4035 689 4109 uti
707 4030 905 4114 lncreduli,
937 4026 1012 4105 huc
1025 4027 1141 4105 delabi
1158 4050 1223 4124 po·

256 4124 422 4223 tuerint,
445 4147 505 4218 ut,
530 4126 594 4209 uin
612 4125 815 4209 stelionibus
832 4124 1123 4212 coemuntur,
1149 4125 1223 4199 noc
1263 4185 1277 4203 .

1145 4242 1220 4295 cte·
1289 4272 1294 4275 -
