3092 5159
396 767 397 772 Ν
577 663 644 752 De
661 643 872 778 Judaitiuoi
927 639 930 646 ¹
1156 623 1205 767 ui

271 853 471 957 gieffiones,
498 855 649 932 ‘no-tirus
673 879 760 932 vero
786 858 989 956 iniquitates
1013 860 1210 959 poffiouuiu

268 957 328 1046 ejus
350 951 500 1030 caussam
527 950 622 1036 effe,
657 952 833 1051 illumque
852 955 962 1030 nostri
986 957 1071 1034 loco
1089 966 1216 1039 omniu¹

265 1047 382 1134 tenue,
408 1065 449 1125 ut
473 1046 575 1124 Deus
598 1053 761 1126 omnium
785 1052 991 1128 nostrorum
1007 1056 1056 1147 ini
1085 1059 1226 1144 uitates,

264 1148 295 1220 in
309 1145 413 1242 ipsum
437 1146 620 1221 incurrere
644 1145 788 1231 fecerit,
814 1171 870 1222 ess
888 1171 976 1224 vero
999 1147 1062 1226 Me
1101 1177 1136 1226 as
1153 1148 1209 1230 lu-

264 1243 373 1316 benter
391 1243 428 1315 in
449 1239 483 1316 se
499 1239 647 1338 suscepit
663 1265 674 1332 ;
714 1242 812 1318 uude
832 1266 960 1320 omnes
976 1245 1083 1344 iptius
1103 1249 1208 1324 dolo-

263 1361 326 1422 res,
351 1337 490 1438 plagin,
517 1336 763 1433 castigationes
791 1340 827 1414 ἃ
846 1340 917 1510 iffisa
937 1342 1093 1438 denique
1111 1367 1210 1420 mois

264 1453 329 1508 nitu
345 1435 401 1508 eii.
427 1501 429 1510 s
453 1433 548 1523 Quae
568 1433 759 1530 quomodo
781 1434 848 1516 Mo

263 1526 1207 1630 absquesensusclorifflmioontoi'fione,ptaeterGtue-

262 1627 299 1698 iis
315 1627 456 1700 humani
471 1623 716 1702 Liberatorem
739 1627 920 1716 Mefliem,
944 1631 1113 1728 applicari
1125 1631 1205 1732 pos-

262 1719 336 1809 int,
354 1733 465 1798 nemo
478 1720 646 1805 huiienus
670 1722 857 1814 ostendere
872 1730 1000 1824 potuit.

497 1885 508 1894 “
631 1873 665 1958 §.
692 1865 821 1946 CXLI.

347 1997 490 2066 Tertium
504 1987 605 2086 quod
626 1987 763 2066 Messias
777 1991 878 2067 obire
894 1984 1018 2068 debuit
1029 2014 1135 2063 munia
1147 1989 1204 2078 est,
1243 2031 1250 2038 ·
1291 2067 1293 2072 ,

263 2087 345 2182 quod
368 2089 475 2162 etiam
495 2083 597 2164 REX
619 2085 742 2160 debuit
764 2085 832 2162 eiie
843 2129 863 2173 ,·
883 2088 919 2162 id
930 2095 1024 2163 enini
1040 2083 1073 2162 S.
1084 2084 1204 2182 Scrip-

263 2197 324 2258 tuu
343 2187 476 2280 ubique
500 2181 663 2264 inculcat.
689 2181 782 2262 Psoi.
799 2182 843 2258 ll.
866 2193 898 2258 6.
920 2185 956 2260 ἃ
974 2179 1092 2260 XLV.
1114 2201 1147 2256 2.
1165 2203 1198 2274 4
1317 2269 1320 2274 ¹

263 2275 317 2373 Jei.
332 2277 472 2356 xxiii.
489 2297 520 2370 5.
559 2275 687 2359 Ezecu
707 2275 893 2356 xxxlu
917 2300 972 2367 23.
998 2275 1198 2356 xxxvii.

265 2393 307 2464 24
327 2394 378 2461 25.
416 2375 524 2450 habet
542 2397 693 2486 regnunt
715 2375 750 2447 δι
772 2373 931 2450 subditos
951 2372 1070 2450 Psalm.
1094 2373 1137 2449 li.
1162 2383 1221 2452 6.,

263 2465 989 2680 tuuuuuvuttututu:
1009 2483 1042 2641 Ξῖ
1059 2469 1201 2676 bib:

267 2677 290 2733 2.
305 2683 329 2750 5.
350 2663 504 2761 alibique
523 2659 653 2760 passim.
703 2659 763 2740 De
781 2662 853 2739 hoc
875 2660 1072 2738 veronulla
1093 2664 1198 2737 nobis

266 2778 330 2926 ¹cium
343 2757 728 2935 jggaeizconttoffffla
743 2761 811 2932 etii,
833 2758 974 2858 Regem
991 2759 1088 2835 euim
1106 2755 1200 2834 Mes-

285 2877 364 2932 oma
414 2879 653 2953 ucumexp
709 2879 780 2932 un.

606 3003 638 3092 §.
666 2997 815 3080 CXLII.

304 3113 306 3118 ’
338 3111 402 3212 Sed
423 3112 471 3190 de
491 3123 588 3212 Regni·
606 3117 710 3206 hujus
729 3119 880 3210 qualitate
893 3115 984 3190 inter
997 3133 1059 3188 eos
1075 3111 1112 3186 δι
1130 3112 1217 3189 uosx

268 3195 364 3284 istst:
382 3211 498 3288 'Num
521 3215 689 3288 nimirum
710 3212 798 3288 iilud
816 3213 1017 3286 Mundanum
1033 3231 1121 3283 num
1139 3230 1198 3281 ve-

272 3321 299 3372 vo
311 3310 467 3394 spirituale
487 3305 548 3393 sit,
572 3309 627 3383 vel
647 3305 714 3383 effe
734 3306 891 3387 debeat?
924 3307 975 3382 Ut
992 3307 1197 3383 evincamus

275 3393 370 3478 beffiae
392 3403 561 3500 Regnum
583 3405 743 3500 spirituale
761 3403 849 3487 effe,
885 3401 960 3478 duo
988 3403 1107 3498 primo
1129 3421 1197 3496 po-

280 3499 358 3574 nende
371 3499 452 3577 sunt
464 3500 648 3577 lemmata,
672 3523 750 3596 quae
763 3498 877 3597 Juuaei
889 3519 965 3572 non
982 3494 1195 3572 inficiuntur.

281 3590 384 3668 Alituum
398 3597 469 3682 est,
495 3597 596 3694 quod
617 3595 804 3694 Prophetae
820 3598 858 3669 in
875 3593 1115 3671 concionibus
1129 3592 1196 3695 iuis

281 3687 360 3768 uultis
383 3707 529 3771 utantur
558 3689 737 3790 phrasibus
754 3691 912 3787 figuratis
926 3698 1037 3787 'atque
1058 3690 1196 3784 impio-
1263 3703 1266 3706 ’

891 1453 953 1512 eut
971 1437 1029 1512 alii
1050 1440 1204 1528 cuidem,
1350 1496 1355 1507 ,

276 3783 346 3871 urit,
369 3813 449 3886 quae
467 3788 606 3866 nonnisi
625 3787 838 3886 spiritualem
857 3783 1088 3862 admittuntii
1117 3783 1197 3859 nifi-
1309 3815 1314 3831 ·

274 3881 443 3960 urionem:
468 3885 581 3978 Quod
599 3885 796 3962 observavit
815 3807 1194 3994 uuluouiuisu
1249 3916 1254 3929 ·
1291 3950 1295 3954 .

270 3975 341 4049 More
357 3981 556 4068 Neuoihi‘m3
580 3979 682 4058 Parte
711 3979 858 4078 licup.
884 3973 1069 4056 XXXIX.
1097 3979 1134 4052 &
1156 4000 1194 4053 iu

268 4068 360 4156 Juub
381 4078 494 4172 thora,
528 4078 587 4163 vel-
603 4075 845 4164 fondumentis
868 4075 969 4178 legis..
996 4071 1190 4250 unffi
