3092 5159
541 697 608 785 De
638 695 901 785 Socirrr'am‘rrno
1040 821 1042 824 Ι
1112 722 1196 805 429
1269 678 1274 686 ’

611 886 789 975 §exn
850 855 864 893 ‘
920 894 926 902 ’
998 887 1000 890 ·

302 984 414 1065 Nulla
435 998 625 1082 propterea
646 1000 772 1081 praeter
791 981 981 1059 Rationem
997 979 1197 1080 Religionis

233 1107 362 1162 norma
372 1098 550 1174 renrnnet3
576 1080 757 1156 clarissima
768 1085 864 1154 enim
879 1081 992 1155 Sacrae
1007 1080 1198 1178 Scripturae

230 1181 433 1259 testimonia
452 1182 498 1275 itp
516 1185 768 1275 torquent'ut'
784 1176 941 1274 nimrim
978 1182 1195 1267 inveniatur,

233 1276 337 1375 quod
373 1274 545 1351 Rntionie
560 1275 729 1371 sphaeram
763 1273 935 1355 excedat,
961 1276 995 1347 ἃ
1017 1289 1055 1349 ut
1075 1277 1199 1352 omnin

231 1377 339 1473 piane
364 1370 533 1477 Mysteria
558 1394 604 1447 ex
624 1369 818 1467 Religione
833 1370 984 1446 revelata
995 1373 1189 1463 ejiciantur.

309 1610 442 1691 Omnis
463 1623 653 1711 propterea
679 1635 724 1687 ex
746 1611 828 1689 solis
855 1610 955 1689 sacris
979 1609 1121 1689 Litteris
1134 1636 1198 1690 eor
1256 1637 1260 1641 ’

236 1710 449 1789 confutandi
475 1726 625 1785 conatus
650 1708 947 1794 frustraneusest,
973 1707 1067 1783 nisti
1086 1712 1199 1807 priori

236 1810 274 1885 &
296 1830 343 1883 ex
363 1804 455 1904 'ipsis
483 1804 646 1881 Rationis
668 1807 850 1903 principiis
869 1804 948 1902 ipfis
963 1806 1198 1892 demonstrem

237 1895 544 2002 quelisRevalatio
566 1899 798 1992 eisedebeat3
825 1924 987 2000 quaenam
1001 1901 1200 2000 vertipirus

236 2004 328 2077 ratio
354 2016 461 2171 mepte
483 1998 599 2075 forma
620 1996 680 2092 fit3
706 1998 849 2097 qualem
870 2002 913 2073 ab
934 2022 1002 2073 una
1017 2014 1116 2095 parte
1131 2002 1196 2075 ho-

236 2100 377 2173 minum
429 2112 506 2171 atus
540 2110 647 2191 atque
673 2096 870 2193 indigentia
892 2096 935 2170 ab
961 2096 1067 2176 altera
1100 2110 1200 2193 parte

237 2194 355 2271 divina
380 2190 557 2269 Attributt
580 2194 787 2288 requirnntr
809 2193 999 2289 quomodo
1014 2214 1201 2285 compara-

235 2304 272 2367 ta
290 2287 358 2364 effe
377 2288 525 2373 debeat,
553 2303 594 2363 ut
622 2311 707 2365 cum
726 2286 945 2384 persedione
967 2288 1119 2364 univerit
1137 2310 1201 2365 ex·

235 2384 397 2464 etiiffime
414 2386 614 2463 conveniat.

614 2534 648 2621 §-
672 2526 826 2607 cxvii.

199 2688 232 2757 ἦ·
273 2708 275 2715 ’
307 2672 458 2755 lnhoc.
478 2675 574 2753 enim
601 2676 765 2772 inprimis
798 2689 949 2773 peccant
985 2672 1198 2760 Adversarii,

236 2776 336 2873 quod
352 2796 478 2850 verum
496 2770 872 2859 arelatensium,
895 2770 1075 2850 effentianr
1092 2788 1200 2869 atque

235 2887 395 2949 naturam
419 2895 495 2947 non
515 2868 717 2968 agnoscunt
729 2914 744 2957 ‚·
767 2865 853 2946 inde
867 2892 994 2948 omnes
1015 2869 1144 2967 reliqui
1153 2869 1197 2943 il-

233 2968 723 3048 lorumderiventurerrores.
855 2985 858 2998 ’

594 3120 627 3205 §-
656 3111 841 3196 monn.¹
966 3098 970 3103 ·
1066 3046 1068 3054 ’

304 3259 436 3341 Totius
463 3260 574 3357 igitur
588 3258 747 3359 cumillis
763 3256 1013 3336 controverfiae
1035 3254 1145 3334 cardo
1158 3259 1199 3338 in
1283 3310 1287 3319 -

236 3361 310 3437 hoc
323 3362 478 3434 maxime
495 3359 664 3446 vertitur3
718 3380 800 3429 uem
828 3357 864 3429 in
887 3354 996 3429 finem
1014 3351 1199 3429 Revelatio
1310 3418 1313 3435 ,

234 3455 342 3533 fuerit
363 3452 546 3531 neceffatia
572 3452 587 3526 ?
629 3378 1029 3546 Aniilnfinennystenis
1054 3453 1201 3548 concipi

236 3548 367 3650 potin?
391 3551 447 3627 An
469 3550 512 3625 ad
533 3548 720 3625 hominem
741 3568 787 3620 ex
811 3546 899 3621 stntu
918 3547 1115 3634 moraliter
1133 3550 1199 3621 im·

266 3646 394 3722 erietto
422 3645 644 3730 liberandum
673 3640 810 3717 auxilio
842 3643 1086 3739 omnipotenti
1106 3667 1207 3738 opos.

237 3672 312 3819 fit?
335 3746 391 3818 An
411 3766 474 3839 per
492 3738 666 3840 Justitiam
686 3734 758 3819 Dei
775 3739 1200 3835 punitivempeccataali-

238 3854 293 3917 ter
311 3838 519 3913 condonare
556 3860 631 3912 non
654 3837 780 3921 liceat,
811 3858 918 3934 quam
943 3839 1202 3914 interveniente
1246 3881 1249 3887 ,
1336 3886 1359 3938 3

234 3932 605 4025 satisfatiioneinfipiti
620 3936 722 4031 pretii
742 3932 757 4007 i
777 3933 833 4008 An
853 3957 891 4005 ea
914 3933 958 4006 ab
975 3934 1071 4019 alio,
1092 3958 1199 4031 quem

236 4030 387 4109 Persona
406 4052 485 4127 qum
498 4030 644 4125 quidem
662 4030 802 4109 homo,
828 4027 887 4142 seri
905 4031 967 4126 qni
989 4033 1201 4105 cumdivina

237 4146 361 4209 natura
376 4124 557 4205 artriffine
570 4128 710 4213 unitus,
738 4125 888 4225 praestan
917 4124 1104 4225 potuerit?
1134 4217 1170 4299 H

1117 4290 1121 4299 .
1172 4243 1201 4298 ae
