3092 5159
297 708 384 785 210
521 658 523 665 ’
572 680 662 799 Cap.
681 659 777 777 ”XL
830 678 945 773 uuio
972 685 1027 796 I.x

213 907 217 913 ·
300 880 600 977 argumentorum
621 872 730 951 clasis
744 835 1021 951 Resurrestionis
1037 875 1114 967 ejus
1138 880 1270 955 verita-

300 992 375 1053 tem
398 977 600 1069 impugnat.
653 971 792 1049 Dicunt
811 974 980 1047 nimirum
1000 971 1203 1060 Increduli,
1229 990 1272 1052 ut
1419 1043 1420 1062 ,

300 1074 425 1173 prima
439 1062 548 1145 clallrs
559 1064 769 1167 argumenta
787 1089 1052 1153 enumeremus,
1064 1066 1182 1165 Jesum
1192 1070 1269 1146 Na-

303 1190 476 1245 zarenum
491 1186 574 1243 cum
587 1162 920 1245 nonnuliisasseclis
934 1165 981 1239 ad
1007 1188 1081 1239 rem
1098 1186 1270 1261 maguam

301 1265 458 1361 aliquam
473 1258 692 1339 moliendam
710 1258 943 1359 conspirasset
965 1276 1004 1335 ut
1018 1260 1125 1359 ipsius
1143 1262 1272 1338 Resur-

300 1360 507 1438 rento-non
528 1382 611 1437 euru
630 1356 744 1433 solum
758 1361 795 1432 in
811 1354 920 1433 finem
937 1355 1048 1433 suerit
1064 1362 1273 1457 excogitata

300 1474 344 1536 ut
358 1456 525 1533 homines
539 1454 765 1546 fallerentur3
790 1452 845 1529 sed
861 1469 901 1530 ut
916 1454 982 1529 bac
997 1452 1139 1531 fidione
1158 1462 1274 1531 maxi-
1388 1448 1396 1463 '
1419 1523 1420 1562 Ν

300 1556 354 1630 mi
373 1554 552 1629 momenti
566 1550 752 1627 molimina
770 1549 813 1625 ad
827 1551 943 1627 aslum
954 1552 1102 1648 perduci
1116 1550 1270 1650 possent.
1289 1595 1292 1604 .

300 1646 643 1729 Fundamenti'loco
663 1662 853 1745 propterea
868 1647 1045 1724 increduli
1060 1648 1273 1819 criasuspo-
1419 1675 1420 1680 ¹

191 1821 193 1829 ,
302 1762 398 1822 nunt
421 1772 453 1823 a,
483 1744 681 1821 Maximam
692 1741 822 1844 Populi
839 1740 978 1841 Judaici
992 1760 1163 1840 partema
1191 1766 1274 1820 mo·

301 1842 391 1919 dum
405 1840 506 1917 fuisse
518 1840 800 1940 superstitiosam.
851 1851 881 1921 β.
912 1838 1024 1931 Quod
1035 1838 1273 1937 Judaetsnon-
1419 1881 1420 1888 κ

300 1938 558 2015 nulla'suerint
569 1933 830 2035 Prophetarum
852 1932 1015 2022 oracula,
1042 1961 1122 2035 quae
1141 1938 1272 2035 praedi-

301 2038 422 2111 xerint
443 2033 637 2135 aliquando
656 2054 830 2129 magnum
844 2035 937 2108 inter
955 2031 1050 2131 ipsos
1070 2038 1286 2111 extiturum·
1320 2075 1326 2087 =

198 2164 199 2172 ¹
301 2130 532 2227 Principem,
557 2133 620 2229 qui
637 2128 782 2225 illorum
800 2128 950 2206 caussam
965 2130 1132 2207 adversus
1150 2132 1271 2207 hoster

192 2274 206 2297 ,
298 2230 477 2303 ruiturum
501 2226 551 2303 sit.
604 2252 638 2314 γ.
656 2226 818 2322 'Augusti
841 2245 1008 2323 tempore
1033 2229 1270 2303 miserrimum

197 2330 204 2344 ²
239 2412 242 2423 ¹
299 2320 511 2433 Judaeorum
547 2322 648 2401 fuisse
671 2321 834 2409 statum,
873 2340 913 2397 ut
938 2320 1149 2399 Liberatore
1174 2348 1270 2399 nun·

262 2432 407 2521 ''quant
433 2422 547 2519 magis
571 2422 801 2517 indiguerint.
845 2418 958 2495 ,Adeo
980 2435 1022 2496 ut
1046 2420 1150 2495 nullo
1177 2423 1269 2495 tem'·
1419 2413 1420 2500 J

296 2529 389 2615 pore
409 2521 523 2615 magis
540 2512 654 2615 Judaei
678 2516 784 2591 talem
804 2514 1031 2591 liberatorem
1047 2516 1269 2613 exspetlave·
1419 2527 1420 2584 i

295 2616 369 2689 rint
390 2618 673 2713 optaverintque.
726 2610 870 2689 Fadum
891 2614 976 2687 inde
1008 2610 1076 2688 esse
1105 2628 1146 2691 ut
1171 2637 1267 2697 nota
1325 2660 1330 2670 ·

167 2768 170 2773 .
295 2708 388 2787 nulli
413 2704 596 2787 exliterint
621 2708 788 2785 homiues
808 2706 1025 2785 audacisfimi
1041 2762 1067 2819 ,f
1087 2713 1151 2808 qui
1178 2734 1265 2809 pro·

295 2803 553 2884 missumillum
567 2806 796 2883 liberatorem
821 2804 856 2881 se
868 2802 936 2881 esse
955 2806 1074 2883 dicere
1095 2804 1166 2882 auli
1186 2806 1264 2883 [int.

294 2898 393 2979 lnter
417 2902 498 2977 illos
522 2916 641 2979 autem
660 2900 906 2998 Impulsum,
934 2900 1021 2978 abfit
1042 2900 1267 2996 Blasphemia

245 2992 255 3025 ²
294 2996 416 3084 duo,
439 2994 559 3099 Jesum
580 2998 685 3076 etiam
705 2997 933 3087 Nazarenum
956 2996 1057 3077 futffe
1076 2998 1265 3087 asserunt,

293 3096 452 3192 quicum
468 3096 607 3191 optime
621 3095 761 3181 viderit,
787 3093 1001 3193 impolllbile
1022 3095 1079 3193 pia
1107 3093 1205 3172 erile
1225 3111 1267 3173 ut

293 3192 400 3269 armis
422 3206 530 3290 atque
555 3192 590 3267 vi
614 3208 741 3269 contra
761 3189 930 3269 Caesarem
955 3120 1108 3292 ejusqul.
1127 3190 1263 3291 Legio·

216 3298 217 3305 ‘
292 3310 357 3365 nes
373 3312 422 3388 pu
454 3289 526 3365 uari
574 3284 689 3375 osset,
717 3288 831 3385 longe
850 3311 937 3365 eum
962 3289 1032 3365 alio
1052 3289 1165 3367 modo
1185 3313 1264 3365 reru

291 3384 403 3484 adgre
433 3406 493 3461 um
510 3409 531 3465 e
558 3384 732 3471 edicunt,
747 3382 802 3461 Re
831 3408 991 3484 numque
1012 3405 1087 3461 non
1110 3384 1264 3463 munda-

282 3502 382 3557 ·num
405 3480 463 3557 sed
494 3479 671 3577 spirituale
693 3506 735 3559 ac
755 3409 900 3559 coeseste
924 3481 943 3558 d
962 3480 1150 3579 Prophetis
1175 3504 1263 3581 pro-

288 3576 513 3653 missumesle
531 3577 766 3677 perhibuisse3
801 3578 898 3656 unde
910 3580 947 3653 in
961 3579 1050 3653 statu
1060 3580 1263 3655 admodum

290 3670 571 3753 bumiliMeffras
585 3675 659 3751 ilias
681 3695 891 3773 comparere
907 3674 1081 3761 debuerit,
1135 3676 1185 3753 Ut
1200 3700 1263 3753 au-

260 3795 262 3801 *
288 3784 363 3843 tem
389 3768 497 3847 linem
516 3772 618 3862 suum
649 3769 929 3870 consequeretur
947 3770 1131 3861 Christus,
1167 3771 1263 3849 duo·

277 3864 407 3955 ¹decim
432 3866 561 3964 ipsum.
575 3891 622 3945 ex
644 3866 890 3965 infima-plebe
910 3864 1057 3964 elegisse
1082 3864 1260 3955 Aslecias,

282 3963 352 4057 'qui
371 3985 523 4061 magnos
542 3966 578 4041 in
604 3962 729 4039 futuro
746 3961 876 4059 Regno
897 3963 1056 4039 bonores
1081 3962 1260 4061 sperantes

289 4054 352 4155 ipsi
378 4056 653 4137 constantifflme
678 4058 883 4138 adhaeserint
913 4059 1122 4158 ;Cumque
1143 4057 1260 4156 Judari

266 4152 486 4283 *admodum
505 4154 642 4234 creduli
668 4154 848 4235 miraculis
863 4142 1093 4256 Religionem
1119 4151 1259 4329 suffit
