3092 5159
529 701 920 829 nnmrnrro.

264 907 494 1018 protestantis
537 909 734 995 rationem
779 903 943 1022 exposui
999 911 1086 1021 Janr
1123 919 1249 1024 pura,¹¹

260 1047 336 1107 tum
363 1025 416 1106 est
447 1047 567 1134 caput
591 1021 691 1134 illud
720 1049 810 1106 curn
826 1014 1018 1106 omnibus
1045 1024 1229 1135 reliquis,

257 1139 296 1218 dt
315 1132 463 1218 nonnisi
495 1135 738 1218 Venerande
772 1135 981 1218 Facultatis
1013 1135 1232 1248 Theologi·

258 1247 455 1332 raenostrae
486 1243 704 1336 Censuram
736 1243 944 1356 exspectat,
973 1246 1108 1359 postea
1138 1275 1233 1348 prae·

256 1357 298 1441 l'o
334 1358 461 1442 statim
494 1356 791 1464 subjiciendum.
877 1357 937 1441 ita
982 1384 1082 1440 vero
1122 1357 1234 1443 ibid

254 1471 418 1582 partium
446 1467 573 1553 studio
600 1467 730 1554 abeffe
760 1466 911 1565 studui,
940 1492 985 1553 ut
1024 1494 1106 1554 non
1147 1471 1231 1582 spe·

255 1609 333 1664 rem
356 1581 445 1688 fore
473 1603 516 1665 ut
535 1581 771 1692 Augustanae
788 1577 1054 1686 Confeffionit
1076 1584 1231 1668 Fratres

254 1691 468 1806 quidquam
506 1690 828 1804 deprehendant,
882 1720 963 1806 quo
992 1719 1059 1781 me
1085 1693 1231 1806 iniqui·

254 1812 340 1888 tatis
356 1829 521 1916 arguere
549 1800 716 1916 poffinr3
745 1802 773 1888 st
792 1829 876 1889 non
896 1803 1146 1890 moderatum
1164 1833 1232 1890 me

254 1914 293 1997 in
318 1917 507 2000 omnibus
552 1909 739 2016 exhibui,
784 1939 923 2002 contra
981 1915 1234 2000 voluntatem

250 2052 377 2112 meam
406 2025 449 2110 id
476 2025 625 2110 fadum
658 2027 722 2111 est.
806 2061 847 2129 p.
875 2029 1079 2112 Ceterum
1101 2029 1231 2140 Syste-
1329 2096 1334 2112 .

256 2167 313 2222 tna
330 2135 516 2228 Ecclefiae
537 2136 798 2236 Reformarae,
828 2143 869 2224 dt
896 2136 1081 2225 Censurae
1097 2139 1228 2250 publi·

258 2279 305 2335 eae
343 2249 496 2334 facult.
523 2249 654 2336 Theoi
683 2248 965 2354 subjiciendum
992 2251 1091 2332 mihi
1121 2251 1232 2334 exhi-

258 2361 428 2446 bendum
449 2359 549 2459 fuit,
578 2360 773 2472 prolixior
802 2361 938 2471 paullo
964 2361 1063 2446 alias
1087 2359 1128 2444 in
1162 2390 1230 2445 ex·
1353 2447 1359 2454 ,

253 2469 443 2670 pppsenda
477 2473 642 2558 Decreti
685 2470 835 2602 diviui-
860 2473 1006 2557 ratione
1030 2471 1231 2586 -ob'rdr'va
1387 2593 1390 2598 Ι

298 2611 423 2671 rem.
497 2607 499 2610 ·
605 2614 607 2618 ·

306 2809 391 2904 Er,
415 2829 502 2938 quae
524 2795 638 2894 clar.
675 2797 912 2890 Relationrrm
940 2781 1237 2934 litterariorum

258 2915 410 3004 duitor
434 2945 476 3002 rn
498 2917 660 3033 reliquis
679 2917 875 3003 desiderat
885 2976 903 3017 ,‚
928 2913 1039 3028 quod
1061 2938 1227 3008 attinet,

258 3029 426 3115 nonest
457 3057 527 3114 cur
551 3031 771 3144 quidquam
801 3049 1014 3122 moneant,
1039 3023 1233 3139 siquidem
1382 3093 1384 3096 ,

259 3141 275 3224 i
302 3137 384 3225 surn
400 3139 506 3226 hunc
527 3139 872 3251 moderatiffimum
890 3139 1031 3229 Virum
1050 3165 1096 3252 nc
1121 3140 1232 3222 Cen·

259 3168 386 3335 brem
414 3249 673 3338 Advocatum
695 3281 742 3338 ac
777 3245 1090 3362 benigniffimutu
1108 3249 1236 3332 Inter·

288 3384 413 3448 retem
437 3363 616 3450 habeam.
700 3365 800 3466 Quae
825 3363 936 3452 Clara
959 3359 1048 3449 Vir.
1074 3357 1127 3445 de
1141 3385 1233 3468 pro·

262 3385 461 3558 babilibus
504 3471 666 3560 subinde
717 3472 835 3559 certis
882 3469 1074 3556 immixtis
1102 3469 1248 3582 perhi·'

272 3581 354 3684 ber,
385 3581 516 3670 forsan
541 3613 624 3672 non
651 3585 881 3672 observavit
896 3641 920 3682 ,-
967 3579 1079 3696 quod
1113 3581 1235 3667 inter·
1284 3682 1286 3684 v

284 3691 356 3778 dum
370 3693 525 3780 nonnisr
551 3694 634 3782 sola
665 3694 878 3810 Dogmatis
902 3694 1065 3799 aiicujus
1091 3693 1233 3805 proba·

287 3796 396 3892 biittts
422 3804 505 3892 five
559 3817 680 3894 etiam
709 3805 937 3922 poffibilitat
971 3833 1021 3890 ex
1053 3807 1233 3890 Rationis

273 3917 717 4116 rziitff‘t‘tbrb,
739 3916 1237 4140 tinnibunt

590 4061 603 4112 1
781 4089 792 4112 .
1061 4058 1074 4118 3

266 4157 430 4254 propter
447 4139 633 4232 revtlttae
648 4139 828 4230 veritatis
843 4139 972 4228 hoster
988 4136 1234 4272 faciendum,

1056 4324 1060 4330 .
1164 4276 1237 4362 qur
