3092 5159
552 709 910 818 Dr‘Sotr'nr’arrismo.
1136 755 1211 834 351
1244 826 1247 842 ‚

251 920 349 999 mani
368 916 624 1018 luprenrumin
643 917 749 993 rebus
769 887 954 994 credendis
972 907 1214 998 Dominarum

144 1043 149 1050 ’
250 1023 290 1096 in
319 1032 395 1094 tota
421 1011 664 1092 Eccleliairbi
690 1013 934 1099 vindicabant,
970 1018 1005 1089 ea
1026 1015 1216 1093 hominum

252 1113 484 1192 conscientias
499 1110 740 1207 obligabant,
766 1111 811 1187 ad
828 1114 949 1186 omnia
970 1111 1028 1188 lua
1050 1114 1218 1188 derebus

251 1210 336 1288 fidei
375 1208 536 1294 decreta,
573 1208 706 1304 absque
745 1205 822 1282 nll'o
855 1210 1008 1283 veritatis
1033 1214 1216 1293 examine,

251 1324 355 1384 coeca
377 1303 582 1380 obedientia
597 1302 854 1401 ampleiienda,¹
880 1302 1144 1403 hominumque
1161 1309 1217 1380 l'u·

250 1403 413 1504 perstitio
444 1414 551 1498 atque
565 1402 766 1496 ignorantia
780 1399 865 1474 huic
881 1390 1077 1498 Tyrannidi
1095 1403 1216 1476 locum
1264 1435 1266 1442 ·
1349 1391 1355 1398 ’

250 1499 372 1586 darer,
399 1495 576 1572 e'aamodi
593 1494 781 1572 haerelibur
807 1495 910 1571 locut
936 1495 1004 1572 elle
1032 1521 1109 1574 non
1148 1520 1217 1594 po·
1371 1549 1374 1556 a

250 1596 333 1708 tuit,
366 1519 430 1668 nid
447 1589 521 1691 ipse
545 1589 637 1690 Papa
658 1590 744 1667 tales
767 1589 929 1694 fovisset,
960 1595 997 1669 dr
1024 1593 1092 1672 nlae
1110 1608 1151 1670 ut
1173 1599 1217 1672 ab

252 1692 331 1771 dns
346 1689 597 1780 crederentur,
623 1686 826 1766 mandalset·
885 1745 889 1752 -

687 1830 720 1922 ς·
743 1831 788 1910 V.

345 1945 443 2026 Cum
470 1965 558 2022 reto
578 1941 846 2024 Reformatorea
870 1947 1163 2030 conscientiarum
1177 1955 1216 2032 li·

255 2045 432 2122 bertatem
443 2041 684 2127 reducendam
697 2043 778 2129 elle,
804 2065 922 2142 neque
939 2053 1106 2146 cuiquam
1120 2075 1217 2128 mor.

233 2141 378 2219 talium
406 2139 475 2216 tale
501 2142 539 2223 in
560 2139 715 2217 articulis
734 2138 1048 2220 fideiDominium
1070 2169 1218 2245 compe.
1313 2169 1319 2174 ·

252 2253 331 2313 tere
354 2234 610 2321 ostenderent,-
638 2235 743 2332 quale
765 2234 933 2312 Pontifex
954 2237 1016 2314 libi
1038 2245 1216 2337 attribuit;

252 2355 346 2410 mox
371 2332 502 2408 farrum
526 2329 618 2416 fuir,
646 2344 687 2408 ut
709 2331 882 2406 bominea
905 2332 1103 2413 libertatem
1124 2339 1218 2415 hanc

254 2431 350 2506 male
381 2427 644 2524 intelligerent,
678 2426 715 2502 &
771 2426 830 2502 illa
880 2428 1083 2517 abutentes.
1128 2435 1219 2512 nulli

245 2525 408 2624 ,amplius
434 2528 472 2600 in
499 2523 605 2599 rebus
629 2514 859 2623 Religionem
888 2524 909 2598 s
950 2526 1122 2605 dantibus
1144 2535 1218 2608 nu-
1281 2543 1285 2554 '

254 2624 393 2699 toritari
410 2620 604 2718 quiequam
619 2619 850 2697 tribuendum
868 2643 887 2695 e
916 2624 1094 2714 evellent,
1105 2627 1168 2703 nili
1180 2627 1219 2704 id

255 2718 373 2817 ipsam
389 2739 434 2794 err
445 2715 606 2795 Rationis
624 2718 808 2816 principiis
821 2713 957 2824 flueret.

332 2937 430 3017 Hinc
453 2939 584 3019 larium
612 2946 672 3033 eli,
697 2963 738 3022 ut
756 2946 1220 3028 hominesillidotibuscae·

256 3042 428 3136 teroqoin
448 3041 663 3118 naturalibus
678 3038 852 3133 instructi,
868 3047 887 3122 a
905 3050 992 3146 jugo
1011 3049 1220 3124 Autoritatir

255 3131 577 3223 humanaeliberari.
595 3139 746 3215 alterum
782 3145 1079 3242 amplecterentur
1102 3163 1219 3219 extre-

254 3254 378 3315 mum,
406 3232 566 3330 nihilque
606 3237 827 3314 credendum
854 3244 1124 3325 arbitrarentur,
1157 3236 1221 3313 nisa

220 3328 526 3424 „quadrationis
551 3330 770 3431 decempeda
806 3341 944 3423 metiri,
980 3340 1017 3414 δι
1049 3341 1092 3416 ad
1120 3333 1221 3411 illam

237 3424 460 3501 maurinam
478 3423 629 3524 pollent⁴
734 3438 739 3443 '

356 3661 448 3763 lplas
469 3682 659 3778 propterea
683 3676 844 3750 veritates
862 3665 1113 3778 Evangelloas,
1142 3705 1223 3788 quae

257 3758 470 3838 solalallere
485 3769 667 3843 nelcientis
683 3767 963 3852 Deillutoritate
984 3783 1158 3872 nituntur,
1182 3805 1222 3864 ut

255 3853 420 3934 Rationis
441 3878 587 3957 captum
617 3863 832 3962 superantes·
854 3875 1074 3966 rejiciebant,
1103 3906 1223 3980 neque

256 3954 455 4125 guidquam
483 3981 519 4030 m
550 3959 584 4034 S.
605 3959 786 4058 Scriptura
809 3969 1004 4047 revelatum
1033 3977 1222 4057 admitten-

237 4077 241 4083 =
284 4050 522 4139 aneensem,
546 4046 657 4130 nifrin
675 4075 850 4157 quantum
871 4087 955 4144 eum
968 4069 1222 4160 Rationisnor-

254 4168 316 4224 ma
334 4166 516 4225 convenit.
727 4197 730 4201 f

1126 4268 1222 4392 Cum
