3092 5159
508 707 578 826 De
598 654 968 799 mahometanum.
1145 737 1220 814 313

253 859 383 1007 pollis.
402 901 539 978 seceris.
593 920 647 975 12.
662 899 698 976 Si
713 898 860 1000 singulis
871 899 997 975 diebus
1012 899 1047 974 δι
1060 899 1224 976 noctibus

255 998 450 1081 duodecim
481 997 613 1075 Recaas
643 997 838 1074 ordinarias
864 1000 1036 1083 oraveris,
1064 1011 1134 1074 tres
1160 1021 1224 1074 au.
1354 1041 1361 1052 .

257 1090 333 1178 tem
349 1121 396 1174 ex
417 1094 714 1193 superabundanti
736 1095 874 1192 pietatis
891 1093 1016 1171 studio.
1073 1113 1126 1182 13.
1153 1095 1225 1171 Sis
1248 1148 1251 1156 ,
1297 1141 1300 1154 «

258 1197 404 1272 foenore
420 1192 634 1267 abstinueris.
688 1211 740 1282 14.
758 1189 794 1266 N
798 1213 838 1265 ec
853 1191 977 1266 vinum
990 1191 1128 1266 biberis.
1168 1213 1220 1282 ις.

148 1343 152 1348 -
259 1287 341 1372 Nec
363 1313 427 1388 per
447 1287 570 1366 Deum
594 1290 629 1362 io
653 1310 786 1364 vanum
814 1288 989 1379 juraveris.
1064 1298 1115 1360 16.
1144 1287 1225 1364 Nec

260 1405 387 1468 contra
406 1408 611 1484 quenquam
629 1382 752 1462 Deum
762 1385 887 1460 testem
907 1383 1158 1484 appellaveris,
1184 1385 1238 1460 sr«

261 1509 307 1566 ve
321 1487 569 1584 propinquum
588 1479 657 1556 five
676 1495 870 1558 remotum.
924 1501 977 1570 17.
1008 1480 1089 1557 Nec
1106 1485 1226 1579 praeci-

261 1580 500 1679 pitanterjudi
524 1581 644 1654 averis.
700 1590 751 1661 18.
769 1577 848 1656 Nec
858 1577 1071 1654 fraudaveris
1083 1577 1224 1660 fratrem

261 1684 366 1756 tuum
381 1677 437 1751 vel
458 1675 477 1751 ὲ
494 1602 581 1750 llere
596 1647 653 1749 vel
666 1673 811 1777 ltergo.
867 1697 919 1764 19.
952 1674 1081 1773 Neque
1097 1675 1247 1775 mulie..x

265 1799 343 1855 reru
367 1774 495 1848 castam
514 1774 673 1868 abegeris
694 1787 754 1867 aut
772 1771 1018 1870 repudiaveris.
1071 1793 1126 1847 20.
1153 1772 1228 1850 Ne·

263 1892 336 1976 que
358 1869 459 1946 suum
480 1872 609 1966 cuique
624 1870 892 1966 exprobraveris
906 1893 1056 1944 naevum.
1081 1889 1136 1944 21.
1154 1869 1226 1944 Ne-

207 1965 210 1971 ’
264 1988 337 2070 que
350 1971 384 2040 vi
400 1986 606 2068 quenquam
625 1968 788 2062 coegeris
805 1966 1036 2042 aut-ludibrio
1050 1967 1222 2044 habueris.
1300 1973 1305 1978 ’

265 2085 323 2138 22.
360 2063 491 2161 Neque
514 2059 712 2138 afflislionis
735 2062 793 2137 seu
815 2067 991 2141 cruciatus
1016 2063 1128 2140 evulsa
1156 2061 1226 2140 Dei

265 2163 433 2237 timorem
455 2183 604 2234 omnem
618 2159 796 2252 abjeceris.
847 2178 902 2247 23.
932 2158 1062 2256 Neque
1076 2185 1155 2257 quae
1172 2165 1227 2235 in.

264 2273 320 2334 ter
338 2250 502 2331 homines
529 2255 742 2353 sparguntur
764 2253 983 2332 calumniose
1006 2257 1199 2334 effutiveris
1212 2275 1243 2349 3'

263 2353 322 2433 vel
340 2353 365 2428 st
382 2347 457 2427 don
471 2352 579 2427 suetis
595 2353 822 2426 obtredator.
872 2371 929 2441 24
956 2353 990 2427 Si
1007 2353 1087 2430 Deo
1099 2357 1227 2450 gratias

266 2452 381 2546 egeris
399 2472 465 2546 pro
479 2448 643 2548 quolibet
656 2463 807 2544 accepto
824 2446 1005 2527 beneficio.
1046 2469 1101 2539 25.
1118 2451 1151 2524 Si
1167 2473 1225 2545 pa-

265 2550 426 2626 tientiam
445 2546 651 2642 probaveris
669 2547 707 2619 in
730 2543 987 2620 calamitatibus
1012 2546 1048 2622 δι
1067 2543 1226 2621 afflietio.

122 2710 123 2723 ,
266 2645 383 2724 uibus.
439 2654 495 2716 26.
522 2641 558 2717 Si
572 2665 648 2716 non
664 2642 710 2716 de
724 2639 966 2716 Misericordia
983 2639 1052 2718 Dei
1069 2642 1229 2742 despera-

122 2738 124 2831 }
264 2744 368 2816 veris.
419 2759 476 2830 27.
502 2739 537 2815 Si
554 2740 770 2837 cognoveris
791 2738 891 2835 quod
915 2761 1026 2813 omne
1047 2739 1100 2827 id,
1127 2740 1228 2836 quod

122 2848 124 2887 ³
268 2838 390 2915 evenit
399 2835 483 2921 tibi,
508 2834 528 2916 lt
547 2847 581 2912 te'
593 2858 668 2910 uon
683 2839 870 2919 aberratis,
897 2833 1031 2910 sienim
1049 2833 1228 2912 steaber«

267 2931 371 3009 rasset
390 2935 454 3008 tibi
475 2957 550 3011 uon
568 2930 781 3029 contigisset.
831 2943 887 3017 28.
916 2929 1045 3030 Neque
1061 2931 1230 3010 Deiiranr

267 3033 306 3106 iu
328 3048 364 3118 te
386 3051 533 3125 propter
552 3034 701 3126 gratiam
721 3042 960 3107 creaturarum
984 3032 1228 3108 concitaveris.

267 3146 326 3213 29.
354 3126 485 3224 Neque
508 3127 606 3201 hunc
629 3125 814 3202 Mundum
860 3150 904 3202 tae
918 3126 1038 3202 sutura
1061 3123 1142 3202 Vita
1158 3125 1230 3201 ele.

269 3225 374 3319 geris.
431 3241 485 3309 3ο.
515 3221 692 3394 Sialiquid
703 3224 764 3297 abs
780 3149 932 3362 tesiuter
946 3237 1029 3302 tuus
1043 3220 1230 3320 fidelis-pe-

268 3321 387 3404 tierit,
410 3326 595 3393 a'varenon
631 3319 845 3417 enegaveris.
899 3339 952 3408 31.
977 3319 1062 3396 Silo
1077 3323 1231 3416 negotiis
1322 3365 1325 3373 ·

167 3420 171 3429 '
269 3415 470 3512 Religionis
488 3414 722 3491 observaveris
739 3439 851 3500 eum,
894 3415 957 3513 qui
977 3415 1076 3530 supra
1099 3434 1134 3492 te
1160 3417 1228 3510 est3

122 3512 135 3589 '.
269 3514 307 3588 in
329 3515 435 3588 rebus
455 3535 541 3588 vero
563 3511 752 3589 mundanis
769 3532 875 3587 eum.
909 3512 974 3610 qui
998 3511 1087 3588 rnsra
1111 3527 1147 3590 te
1168 3515 1228 3591 est.
1314 3541 1317 3553 ·

270 3627 327 3698 32.
354 3608 485 3722 Neque
510 3610 687 3706 juraveris.
755 3627 810 3698 33.
837 3603 971 3721 Neque
995 3631 1079 3686 cum
1106 3608 1232 3690 Sataoa
1356 3605 1360 3616 ’

267 3701 461 3784 amicitiam
478 3708 709 3784 contraxeris.
738 3725 793 3797 34
813 3703 850 3782 Si
859 3707 1002 3781 vanitati
1010 3704 1231 3788 valedixerit.-

273 3821 328 3896 35.
359 3801 557 3879 Facultates
574 3799 741 3900 Orphani
758 3825 833 3878 non
852 3805 1017 3900 rapueris.
1074 3815 1128 3890 36.
1151 3804 1234 3882 Cla·

269 3921 412 3974 morem
426 3901 586 3975 auditum
598 3924 672 3976 non
684 3896 916 3998 suppresseris.
972 3917 1026 3990 37.
1051 3893 1234 3988 Familiam

269 4010 368 4076 tuam
385 3998 420 4073 ἃ,
438 3995 570 4071 liberos
586 3995 707 4071 toosfi
721 3998 910 4072 institueris
927 3995 1037 4084 iniis,
1091 4020 1143 4073 uae
1159 3997 1236 4074 usui

271 4093 354 4196 ipsu
374 4089 443 4175 else
465 4083 612 4193 possunt
628 4092 725 4192 apud
746 4091 891 4188 Deum,
921 4114 1056 4198 eosque
1108 4093 1237 4179 colet

750 4187 832 4287 ῦς
1089 4223 1090 4228 ¹
1130 4187 1236 4288 -Opt
