3092 5159
368 712 450 795 too
699 650 703 657 ¹
805 678 895 800 'Can
908 679 962 773 ΙΙ,

441 957 550 1047 lnstat
567 966 963 1057 WlSSOWATlUS,'
977 961 1232 1049 inconveniens
1250 959 1338 1058 elle.

277 1140 283 1165 ,
369 1082 411 1145 tn
438 1066 597 1144 Christus
627 1064 831 1163 lrmplicitet
864 1067 1082 1164 intelligatur
1114 1066 1260 1155 dixille,
1299 1072 1341 1147 se

369 1160 527 1249 nescire,
552 1164 636 1239 ideo
682 1165 736 1239 uia
749 1186 829 1260 pars
845 1161 894 1239 lui
918 1165 1064 1241 inferior
1078 1165 1232 1241 nescivit
1285 1170 1337 1245 At

369 1282 447 1335 non
465 1258 571 1335 video
592 1278 658 1335 cau
686 1275 743 1335 am
764 1281 828 1335 cut
846 1258 1004 1351 Christus
1020 1261 1095 1337 haec
1112 1262 1231 1337 dicere
1251 1282 1335 1338 non

420 1358 549 1441 tuerit,
574 1378 656 1430 nam
684 1384 714 1430 ι.
733 1354 805 1429 alio
829 1354 915 1431 loco
933 1358 1038 1431 etiam
1060 1356 1265 1456 simpliciter
1286 1360 1337 1435 de

407 1455 512 1531 ritate
527 1453 678 1536 dicitur,
703 1450 799 1525 illarn
823 1474 890 1527 nos
916 1449 1035 1529 emisse
1051 1452 1106 1529 lan
1137 1455 1220 1529 uine
1242 1452 1334 1541 suot

367 1545 453 1627 licet
470 1546 540 1624 sola
557 1548 710 1623 humana
727 1546 863 1623 Natura
883 1545 1090 1645 sanguinem
1108 1477 1209 1625 luunt
1225 1547 1336 1625 fude-

369 1650 438 1733 rit;
462 1646 508 1721 io
522 1642 681 1721 Christus
692 1640 896 1743 simpliciter
915 1642 1034 1719 dicere
1045 1645 1182 1741 potest:
1206 1643 1336 1745 seJu.

241 1784 245 1790 ι
342 1784 346 1791 -
367 1742 451 1833 dicii
462 1740 555 1815 diem
566 1742 757 1837 ignorate,
790 1738 873 1815 licet
887 1738 922 1815 id
939 1738 1133 1816 secundum
1151 1739 1334 1819 Naturam

368 1838 559 1914 humanam
586 1852 726 1912 tanturn
753 1829 1027 1931 intelligendum
1054 1834 1105 1912 stt·
1163 1836 1198 1916 β.
1223 1834 1335 1917 Licet

367 1933 527 2012 Christus
539 1931 743 2025 {impliciter
755 1930 933 2007 alleruerit
945 1930 978 2006 le
995 1933 1089 2009 diem
1104 1932 1200 2010 hunc
1216 1933 1335 2011 nesci-

366 2053 429 2114 re,
462 2030 725 2107 circumstanter
744 2042 864 2103 tumen
885 2026 1025 2106 nounifi
1041 2027 1232 2105 humanam
1250 2033 1335 2124 ejus

203 2192 208 2205 .
366 2125 541 2204 Naturam
560 2138 759 2223 potuerunt
789 2121 1007 2221 intelligere:
1026 2120 1205 2217 ‘Quaestio
1226 2128 1336 2202 'enim

366 2224 444 2301 haec
466 2235 557 2298 erat:
594 2221 651 2297 An
671 2220 836 2297 homines
851 2218 936 2296 scire
951 2218 1082 2319 pollint
1096 2216 1336 2301 lruncdiem?

329 2383 332 2390 ,
366 2320 529 2396 Christus
548 2316 585 2393 id
604 2330 731 2415 negat,
758 2318 795 2392 δι
814 2338 860 2391 ex
878 2320 931 2391 ‘eo
956 2319 1103 2415 probat,
1130 2318 1229 2415 quod
1259 2341 1334 2397 neo
1406 2316 1407 2375 ἴ

257 2491 260 2498 ,
364 2430 533 2493 creatura
567 2413 716 2490 homine
746 2412 1020 2490 excellentiores
1059 2413 1189 2511 Angeli
1225 2411 1334 2494 hunc

364 2514 461 2587 diem
480 2512 607 2594 sciant,
636 2514 712 2586 imo
730 2532 776 2585 ne
794 2509 938 2609 quidem
956 2506 1113 2587 Christus
1130 2510 1334 2589 secuudum

223 2596 237 2633 ”
363 2604 540 2689 Naturam
560 2606 752 2682 humanam
772 2604 942 2682 Creatura
964 2608 1129 2683 omnium
1147 2602 1334 2682 ‘excellen-
1405 2650 1406 2653 κ

338 2704 342 2711 ’
363 2702 499 2781 tillima.
551 2702 712 2794 Quaellio
733 2724 824 2799 ergo
840 2700 934 2787 fuit,
969 2724 1014 2776 an
1032 2699 1103 2799 ipse
1121 2724 1189 2801 qua
1208 2700 1331 2779 homo

207 2830 231 2865 .·
363 2797 475 2877 Diem
494 2797 597 2875 illum
613 2786 721 2875 lciatl
745 2799 847 2894 quod
859 2796 1063 2899 (impliciter
1081 2813 1209 2897 negat,
1234 2798 1327 2889 alle-

364 2905 446 2971 tena
469 2892 503 2971 se
518 2892 620 2971 illum
643 2888 784 2971 nescire.

419 3134 544 3216 ,lauat
562 3156 677 3233 porro
699 3038 942 3227 ingerranus,
984 3132 1164 3213 Christum
1182 3134 1330 3216 diceret
1404 3178 1405 3254 t

363 3225 481 3311 solum
508 3231 646 3311 Patrem
672 3230 777 3308 illut'n
805 3230 900 3309 diem
929 3230 1157 3327 cognoscere.
1192 3230 1331 3311 Matth.

363 3325 510 3425 Xxlll.
531 3341 586 3419 3&
614 3343 665 3405 'ut
688 3328 780 3405 adeo
808 3325 1103 3425 Christusrplane
1130 3329 1333 3417 secundom

364 3449 493 3503 omnen
507 3424 583 3503 suar
602 3423 841 3523 proprietates
860 3423 880 3499 l
903 3428 1114 3521 cognitione
1130 3424 1201 3500 diei
1218 3425 1333 3519 hujue
1403 3440 1404 3475 ³

177 3551 181 3560 ,
308 3547 310 3550 ·
363 3522 593 3609 excludatur,
618 3520 783 3619 adeoque
798 3542 865 3597 nec
878 3518 978 3597 Deus
991 3517 1060 3595 esse
1074 3518 1191 3691 §ollio
1242 3519 1334 3635 Qb·

361 3617 573 3732 lemannum
600 3618 931 3732 autemcreaturar
957 3614 1045 3693 solae
1120 3615 1189 3731 diei
1218 3617 1334 3711 hume

362 3713 949 3921 {littttntldttlllu
971 3710 1248 3905 tituil?
1262 3717 1333 3909 ir

345 3928 689 3982 rcommunerucum
707 3899 1036 3981 Patrcrtrtellellurn
1052 3904 1203 3997 habente
1230 3930 1333 3985 non.

359 4018 499 4079 tanturn
514 4005 610 4077 enim
626 3999 735 4078 Filius
753 4023 837 4077 cum
854 3997 954 4078 Patre
964 4024 1059 4083 unua
1075 4002 1142 4087 est,
1175 3998 1261 4099 Joo.
1275 4002 1331 4082 X·

362 4116 417 4187 30.
444 4098 514 4186 Sed
525 4096 699 4197 Pateripli
715 4101 838 4176 omnia
855 4097 1010 4175 oilendit
1025 4120 1104 4197 quae
1118 4095 1327 4275 facioVJrzrlr.

308 4263 311 4271 ,
1238 4248 1247 4272 .
1287 4218 1325 4277 c.
